@article{DeValpine2017,
archivePrefix = {arXiv},
arxivId = {arXiv:1505.05093v1},
author = {de Valpine, Perry and Turek, Daniel and Paciorek, Christopher J. and Lang, Duncan Temple and Bodik, Rastislav},
eprint = {arXiv:1505.05093v1},
file = {:Users/chardhalfsnarl/Google Drive/statistics/literature/research_papers/de Valpine et al. - 2017 - Programming with models Writing statistical algorithms for general model structures with NIMBLE.pdf:pdf},
journal = {Journal of Computational and Graphical Statistics},
keywords = {domain specific language,hierarchical models,mcmc,numerical integration},
pages = {403--417},
title = {{Programming with models: Writing statistical algorithms for general model structures with NIMBLE}},
volume = {26},
year = {2017}
}
